@article{theo_de_jong_lagrange_2009,
  author    = {Theo de Jong},
  title     = {Lagrange Multipliers and the Fundamental Theorem of Algebra},
  journal   = {The American Mathematical Monthly},
  volume    = {116},
  number    = {9},
  pages     = {828-830},
  year      = {2009},
  publisher = {Taylor & Francis},
  doi       = {10.4169/000298909X474882},
  url       = {
               https://www.tandfonline.com/doi/abs/10.4169/000298909X474882
               }
}
